@article{0801.0310v2,
 author = {Ho, Kwan-yuet},
 title = {Entanglement between a Two-level System and a Quantum Harmonic
Oscillator},
 year = {2008},
 month = {jan},
 url = {http://arxiv.org/abs/0801.0310v2},
 date = {2008-01-01T19:46:22Z},
 eprint = {0801.0310v2},
 eprintclass = {quant-ph},
 eprinttype = {arxiv},
 urldate = {2019-08-20T14:06:37.722503Z}
}

@article{1703.09761v2,
 author = {Waerden in Groningen, B. L. van der and Pasa, Guglielmo},
 title = {Spinor analysis},
 year = {2017},
 month = {mar},
 url = {http://arxiv.org/abs/1703.09761v2},
 date = {2017-03-07T15:18:38Z},
 eprint = {1703.09761v2},
 eprintclass = {physics.hist-ph},
 eprinttype = {arxiv},
 urldate = {2019-09-11T12:17:57.084248Z}
}

@article{1908.00044v1,
 author = {Fuchs, Franz G. and Falch, Vemund and Johnsen, Christian},
 title = {Quantum Poker -- a pedagogical tool to learn quantum computing that is fun to play},
 year = {2019},
 month = {jul},
 url = {http://arxiv.org/abs/1908.00044v1},
 date = {2019-07-31T18:41:28Z},
 eprint = {1908.00044v1},
 eprintclass = {quant-ph},
 eprinttype = {arxiv},
 urldate = {2019-08-20T11:03:23.137131Z}
}

@article{1908.01364v1,
 author = {Wright, Logan G. and McMahon, Peter L.},
 title = {The Capacity of Quantum Neural Networks},
 year = {2019},
 month = {aug},
 url = {http://arxiv.org/abs/1908.01364v1},
 date = {2019-08-04T15:46:48Z},
 eprint = {1908.01364v1},
 eprintclass = {quant-ph},
 eprinttype = {arxiv},
 urldate = {2019-08-20T12:14:57.385351Z}
}

@article{Bhattacharya_2012,
 author = {Bhattacharya, M. and Stoutimore, M. J. A. and Osborn, K. D. and Mizel, Ari},
 title = {Understanding the damping of a quantum harmonic oscillator coupled to a two-level system using analogies to classical friction},
 journal = {American Journal of Physics},
 publisher = {American Association of Physics Teachers (AAPT)},
 year = {2012},
 month = {sep},
 number = {9},
 volume = {80},
 pages = {810--815},
 url = {https://doi.org/10.1119%2F1.4735707},
 doi = {10.1119/1.4735707}
}

@article{Boyer_1998,
 author = {Boyer, Michel and Brassard, Gilles and Høyer, Peter and Tapp, Alain},
 title = {Tight Bounds on Quantum Searching},
 journal = {Fortschritte der Physik},
 publisher = {Wiley},
 year = {1998},
 month = {jun},
 number = {4-5},
 volume = {46},
 pages = {493--505},
 url = {https://doi.org/10.1002%2F%28sici%291521-3978%28199806%2946%3A4%2F5%3C493%3A%3Aaid-prop493%3E3.0.co%3B2-p},
 doi = {10.1002/(sici)1521-3978(199806)46:4/5<493::aid-prop493>3.0.co;2-p}
}

@article{Brun_2002,
 author = {Brun, Todd A.},
 title = {A simple model of quantum trajectories},
 journal = {American Journal of Physics},
 publisher = {American Association of Physics Teachers (AAPT)},
 year = {2002},
 month = {jul},
 number = {7},
 volume = {70},
 pages = {719--737},
 url = {https://doi.org/10.1119%2F1.1475328},
 doi = {10.1119/1.1475328}
}

@article{Butler_2010,
 author = {Butler, Mark C. and Norton, Valerie A. and Weitekamp, Daniel P.},
 title = {Nanoscale Torsional Resonator for Polarization and Spectroscopy of Nuclear Spins},
 journal = {Physical Review Letters},
 publisher = {American Physical Society (APS)},
 year = {2010},
 month = {oct},
 number = {17},
 volume = {105},
 url = {https://doi.org/10.1103%2Fphysrevlett.105.177601},
 doi = {10.1103/physrevlett.105.177601}
}

@article{Butler_2011,
 author = {Butler, Mark C. and Weitekamp, Daniel P.},
 title = {Polarization of nuclear spins by a cold nanoscale resonator},
 journal = {Physical Review A},
 publisher = {American Physical Society (APS)},
 year = {2011},
 month = {dec},
 number = {6},
 volume = {84},
 url = {https://doi.org/10.1103%2Fphysreva.84.063407},
 doi = {10.1103/physreva.84.063407}
}

@inproceedings{Castiel_2005,
 author = {Castiel, David and Zerda, Adam De La and Hayat, Alex and Katz, Matty and Mor, Tal and Orenstein, Meir and Ratsaby, Gil and Yoran, Nadav},
 title = {Two-color parametric down conversion},
 publisher = {{SPIE}},
 year = {2005},
 month = {may},
 url = {https://doi.org/10.1117%2F12.603360},
 doi = {10.1117/12.603360},
 booktitle = {Quantum Information and Computation {III}},
 editor = {Donkor, Eric J. and Pirich, Andrew R. and Brandt, Howard E.}
}

@article{Chen1999,
 author = {Chen, G. and Fulling, S. A. and Scully, M. O.},
 title = {Grover's Algorithm for Multiobject Search in Quantum Computing},
 year = {1999},
 month = {sep},
 url = {http://arxiv.org/abs/quant-ph/9909040v2},
 date = {1999-09-13T18:23:15Z},
 eprint = {quant-ph/9909040v2},
 eprinttype = {arxiv},
 urldate = {2019-09-16T11:33:29.064481Z}
}

@article{CHOO_2006,
 author = {CHOO, K. W.},
 title = {QUANTUM COMPUTING, GROVER′S SEARCH ALGORITHM AND ITS APPLICATIONS IN BIOINFORMATICS},
 journal = {COSMOS},
 publisher = {World Scientific Pub Co Pte Lt},
 year = {2006},
 month = {may},
 number = {01},
 volume = {02},
 pages = {71--80},
 url = {https://doi.org/10.1142%2Fs0219607706000171},
 doi = {10.1142/s0219607706000171}
}

@article{Chuang_1998,
 author = {Chuang, Isaac L. and Gershenfeld, Neil and Kubinec, Mark},
 title = {Experimental Implementation of Fast Quantum Searching},
 journal = {Physical Review Letters},
 publisher = {American Physical Society (APS)},
 year = {1998},
 month = {apr},
 number = {15},
 volume = {80},
 pages = {3408--3411},
 url = {https://doi.org/10.1103%2Fphysrevlett.80.3408},
 doi = {10.1103/physrevlett.80.3408}
}

@article{Degen_2008,
 author = {Degen, C. L. and Poggio, M. and Mamin, H. J. and Rugar, D.},
 title = {Nuclear Spin Relaxation Induced by a Mechanical Resonator},
 journal = {Physical Review Letters},
 publisher = {American Physical Society (APS)},
 year = {2008},
 month = {apr},
 number = {13},
 volume = {100},
 url = {https://doi.org/10.1103%2Fphysrevlett.100.137601},
 doi = {10.1103/physrevlett.100.137601}
}

@article{Fischer_2019,
 author = {Fischer, R and McNally, D P and Reetz, C and Assumpção, G G T and Knief, T and Lin, Y and Regal, C A},
 title = {Spin detection with a micromechanical trampoline: towards magnetic resonance microscopy harnessing cavity optomechanics},
 journal = {New Journal of Physics},
 publisher = {IOP Publishing},
 year = {2019},
 month = {apr},
 number = {4},
 volume = {21},
 pages = {043049},
 url = {https://doi.org/10.1088%2F1367-2630%2Fab117a},
 doi = {10.1088/1367-2630/ab117a}
}

@article{Florencio_1990,
 author = {Florencio, João},
 title = {Two-level system coupled to a boson mode},
 journal = {Physical Review B},
 publisher = {American Physical Society (APS)},
 year = {1990},
 month = {jul},
 number = {1},
 volume = {42},
 pages = {561--569},
 url = {https://doi.org/10.1103%2Fphysrevb.42.561},
 doi = {10.1103/physrevb.42.561}
}

@article{Ghosh_2014,
 author = {Ghosh, Arnab},
 title = {Parametric control in coupled fermionic oscillators},
 journal = {Physical Review A},
 publisher = {American Physical Society (APS)},
 year = {2014},
 month = {oct},
 number = {4},
 volume = {90},
 url = {https://doi.org/10.1103%2Fphysreva.90.043820},
 doi = {10.1103/physreva.90.043820}
}

@article{Grover1996,
 author = {Grover, Lov K.},
 title = {A fast quantum mechanical algorithm for database search},
 year = {1996},
 month = {may},
 url = {http://arxiv.org/abs/quant-ph/9605043v3},
 date = {1996-05-29T19:09:06Z},
 eprint = {quant-ph/9605043v3},
 eprinttype = {arxiv},
 urldate = {2019-09-16T10:00:17.772768Z}
}

@article{Knill_1998,
 author = {Knill, E. and Chuang, I. and Laflamme, R.},
 title = {Effective pure states for bulk quantum computation},
 journal = {Physical Review A},
 publisher = {American Physical Society (APS)},
 year = {1998},
 month = {may},
 number = {5},
 volume = {57},
 pages = {3348--3363},
 url = {https://doi.org/10.1103%2Fphysreva.57.3348},
 doi = {10.1103/physreva.57.3348}
}

@article{Koehler2007,
 author = {Koehler, Wolfgang},
 title = {Matrix Representation of Special Relativity},
 year = {2007},
 month = {jan},
 url = {http://arxiv.org/abs/physics/0701105v1},
 date = {2007-01-09T11:07:41Z},
 eprint = {physics/0701105v1},
 eprinttype = {arxiv},
 urldate = {2019-09-11T08:23:39.278075Z}
}

@article{Lemos_2014,
 author = {Lemos, Gabriela Barreto and Borish, Victoria and Cole, Garrett D. and Ramelow, Sven and Lapkiewicz, Radek and Zeilinger, Anton},
 title = {Quantum imaging with undetected photons},
 journal = {Nature},
 publisher = {Springer Science and Business Media LLC},
 year = {2014},
 month = {aug},
 number = {7515},
 volume = {512},
 pages = {409--412},
 url = {https://doi.org/10.1038%2Fnature13586},
 doi = {10.1038/nature13586}
}

@article{Magusin_2000,
 author = {Magusin, Pieter C. M. M and Veeman, Wiebren S},
 title = {Coherent Cross-Polarization Theory for a Spin-12 Coupled to a General Object},
 journal = {Journal of Magnetic Resonance},
 publisher = {Elsevier BV},
 year = {2000},
 month = {apr},
 number = {2},
 volume = {143},
 pages = {243--254},
 url = {https://doi.org/10.1006%2Fjmre.1999.1989},
 doi = {10.1006/jmre.1999.1989}
}

@article{Sandu_2006,
 author = {Sandu, Titus},
 title = {Dynamics of a two-level system coupled with a quantum oscillator: The very strong coupling limit},
 journal = {Physical Review B},
 publisher = {American Physical Society (APS)},
 year = {2006},
 month = {sep},
 number = {11},
 volume = {74},
 url = {https://doi.org/10.1103%2Fphysrevb.74.113405},
 doi = {10.1103/physrevb.74.113405}
}

@article{Wang_1991,
 author = {Wang, L. J. and Zou, X. Y. and Mandel, L.},
 title = {Induced coherence without induced emission},
 journal = {Physical Review A},
 publisher = {American Physical Society (APS)},
 year = {1991},
 month = {oct},
 number = {7},
 volume = {44},
 pages = {4614--4622},
 url = {https://doi.org/10.1103%2Fphysreva.44.4614},
 doi = {10.1103/physreva.44.4614}
}

@article{Wood_2014,
 author = {Wood, Christopher J. and Borneman, Troy W. and Cory, David G.},
 title = {Cavity Cooling of an Ensemble Spin System},
 journal = {Physical Review Letters},
 publisher = {American Physical Society (APS)},
 year = {2014},
 month = {feb},
 number = {5},
 volume = {112},
 url = {https://doi.org/10.1103%2Fphysrevlett.112.050501},
 doi = {10.1103/physrevlett.112.050501}
}

@article{Zou_1991,
 author = {Zou, X. Y. and Wang, L. J. and Mandel, L.},
 title = {Induced coherence and indistinguishability in optical interference},
 journal = {Physical Review Letters},
 publisher = {American Physical Society (APS)},
 year = {1991},
 month = {jul},
 number = {3},
 volume = {67},
 pages = {318--321},
 url = {https://doi.org/10.1103%2Fphysrevlett.67.318},
 doi = {10.1103/physrevlett.67.318}
}


@online{IBM_web,
  author = {IBM},
  title = {IBM Quantum Experience},
  year = 2019,
  url = {https://www.research.ibm.com/quantum/},
  urldate = {2019-09-15}
}

@online{PHYWE_web,
  author = {PHYWE},
  title = {phywe-systeme},
  year = 2019,
  url = {https://www.phywe.eu/eu/physics/university/modern-physics/quantum-physics/},
  urldate = {2019-09-15}
}

